@online{MACOM Technology Solutions,
    author = "MACOM Technology Solutions", 
    title = "Non Magnetic SMQ MELF PIN Diode", 
    url = "https://cdn.macom.com/datasheets/MA4P7446F-1091T.pdf", 
    urldate = "2022-12-16"      % This is the date we entered the page
}

